<?xml version="1.0" encoding="UTF-8"?><collection xmlns="http://www.loc.gov/MARC21/slim"><record><leader>00418nam--2200121-i-4500</leader><controlfield tag="001">000016211</controlfield><controlfield tag="002">20161230</controlfield><controlfield tag="005">20161230201031</controlfield><controlfield tag="008">060222s1000------------r-----000-0-eng-d</controlfield><datafield ind1=" " ind2=" " tag="100"><subfield code="a">Wegrowe,Jean-georges</subfield></datafield><datafield ind1=" " ind2=" " tag="245"><subfield code="a">Mesure de la distribution de densite electroni que dans les plasmas au moyen d un interfero metre hyperfrequence a optique focalisante. these</subfield></datafield><datafield ind1=" " ind2=" " tag="260"><subfield code="a">Paris,Universite,1963. 122p.+55 Fig</subfield></datafield><datafield ind1=" " ind2=" " tag="852"><subfield code="a">77954</subfield></datafield></record></collection>